%% This BibTeX bibliography file was created using BibDesk.
%% http://bibdesk.sourceforge.net/


%% Created for Peter Castine at 2014-12-18 16:14:30 +0100 


%% Saved with string encoding Unicode (UTF-8) 

% NMF-based that preceds Let It Bee
@inproceedings{burred2013cross,
  title={Cross-synthesis based on spectrogram factorization},
  author={Burred, Juan Jos{\'e}},
  booktitle={ICMC},
  year={2013}
}


@inproceedings{driedger2015let,
  title={Let it Bee-Towards NMF-Inspired Audio Mosaicing.},
  author={Driedger, Jonathan and Pr{\"a}tzlich, Thomas and M{\"u}ller, Meinard},
  booktitle={Proceedings of 16th International Society for Music Information Retrieval (ISMIR)},
  pages={350--356},
  year={2015}
}

@inproceedings{buch2017nichtnegativematrixfaktorisierungnutzendesklangsynthesensystem,
  title={NichtnegativeMatrixFaktorisierungnutzendesKlangsynthesenSystem (NiMFKS): Extensions of NMF-based concatenative sound synthesis},
  author={Buch, Michael and Quinton, Elio and Sturm, Bob L},
  booktitle={Proceedings of the 20th International Conference on Digital Audio Effects},
  pages={7},
  year={2017}
}


@inproceedings{foroughmand2017multi,
  title={Multi-source musaicing using non-negative matrix factor 2-d deconvolution},
  author={Foroughmand, Hadrien and Peeters, Geoffroy},
  booktitle={18th International Society for Music Information Retrieval Late-Breaking Demo Session},
  year={2017}
}
@incollection{aarabi2018music,
  title={Music retiler: Using NMF2D source separation for audio mosaicing},
  author={Aarabi, Hadrien Foroughmand and Peeters, Geoffroy},
  booktitle={Proceedings of the Audio Mostly 2018 on Sound in Immersion and Emotion},
  pages={1--7},
  year={2018}
}
@inproceedings{schmidt2006nonnegative,
  title={Nonnegative matrix factor 2-D deconvolution for blind single channel source separation},
  author={Schmidt, Mikkel N and M{\o}rup, Morten},
  booktitle={International Conference on Independent Component Analysis and Signal Separation},
  pages={700--707},
  year={2006},
  organization={Springer}
}



@inproceedings{mackinlay2019mosaic,
  title={Mosaic Style Transfer Using Sparse Autocorrelograms.},
  author={MacKinlay, Daniel and Botev, Zdravko I},
  booktitle={Proceedings of 20th International Society for Music Information Retrieval (ISMIR)},
  pages={886--893},
  year={2019}
}







@inproceedings{schwarz2008principles,
  title={Principles and applications of interactive corpus-based concatenative synthesis},
  author={Schwarz, Diemo and Cahen, Roland and Britton, Sam},
  booktitle={Journ{\'e}es d'Informatique Musicale (JIM)},
  pages={1--1},
  year={2008}
}



@article{Barnes:2009:PAR,
  author = "Connelly Barnes and Eli Shechtman and Adam Finkelstein and Dan B
    Goldman",
  title = "{PatchMatch}: A Randomized Correspondence Algorithm for
    Structural Image Editing",
  journal = "ACM Transactions on Graphics (Proc. SIGGRAPH)",
  year = "2009",
  month = aug,
  volume = "28",
  number = "3"
}

@inproceedings{Barnes:2010:TGP,
  author = "Connelly Barnes and Eli Shechtman and Dan B Goldman and Adam
    Finkelstein",
  title = "The Generalized {PatchMatch} Correspondence Algorithm",
  booktitle = "European Conference on Computer Vision",
  year = "2010",
  month = sep
}
